@incollection {FreyKani,
    AUTHOR = {Frey, Gerhard and Kani, Ernst},
     TITLE = {Curves of genus {$2$} covering elliptic curves and an
              arithmetical application},
 BOOKTITLE = {Arithmetic algebraic geometry ({T}exel, 1989)},
    SERIES = {Progr. Math.},
    VOLUME = {89},
     PAGES = {153--176},
 PUBLISHER = {Birkh\"{a}user Boston, Boston, MA},
      YEAR = {1991},
   MRCLASS = {14G40 (11G05)},
  MRNUMBER = {1085258},
MRREVIEWER = {Joseph H. Silverman},
}

@article {Mueller,
    AUTHOR = {M{\"{u}}ller, Jan Steffen},
     TITLE = {Explicit {K}ummer surface formulas for arbitrary
              characteristic},
   JOURNAL = {LMS J. Comput. Math.},
  FJOURNAL = {LMS Journal of Computation and Mathematics},
    VOLUME = {13},
      YEAR = {2010},
     PAGES = {47--64},
      ISSN = {1461-1570},
   MRCLASS = {14J28 (11G50 14H40)},
  MRNUMBER = {2601077},
MRREVIEWER = {Carlo Giovanni Madonna},
       DOI = {10.1112/S1461157008000156},
       URL = {https://doi.org/10.1112/S1461157008000156},
}

@book {CasselsFlynn,
    AUTHOR = {Cassels, J. W. S. and Flynn, E. V.},
     TITLE = {Prolegomena to a middlebrow arithmetic of curves of genus
              {$2$}},
    SERIES = {London Mathematical Society Lecture Note Series},
    VOLUME = {230},
 PUBLISHER = {Cambridge University Press, Cambridge},
      YEAR = {1996},
     PAGES = {xiv+219},
      ISBN = {0-521-48370-0},
   MRCLASS = {11G30 (11Y50 14G25)},
  MRNUMBER = {1406090},
MRREVIEWER = {Joseph H. Silverman},
       DOI = {10.1017/CBO9780511526084},
       URL = {https://doi.org/10.1017/CBO9780511526084},
}

@article {Cantor,
    AUTHOR = {Cantor, David G.},
     TITLE = {Computing in the {J}acobian of a hyperelliptic curve},
   JOURNAL = {Math. Comp.},
  FJOURNAL = {Mathematics of Computation},
    VOLUME = {48},
      YEAR = {1987},
    NUMBER = {177},
     PAGES = {95--101},
      ISSN = {0025-5718},
   MRCLASS = {11Y16 (11G20 14H25 14H40)},
  MRNUMBER = {866101},
MRREVIEWER = {Kevin S. McCurley},
       DOI = {10.2307/2007876},
       URL = {https://doi.org/10.2307/2007876},
}

@book {MR2307768,
    AUTHOR = {Mumford, David},
     TITLE = {Tata lectures on theta. {II}},
    SERIES = {Modern Birkh\"{a}user Classics},
      NOTE = {Jacobian theta functions and differential equations,
              With the collaboration of C. Musili, M. Nori, E. Previato, M.
              Stillman and H. Umemura,
              Reprint of the 1984 original},
 PUBLISHER = {Birkh\"{a}user Boston, Inc., Boston, MA},
      YEAR = {2007},
     PAGES = {xiv+272},
      ISBN = {978-0-8176-4569-4; 0-8176-4569-1},
   MRCLASS = {14K25 (14H40 32G20)},
  MRNUMBER = {2307768},
       DOI = {10.1007/978-0-8176-4578-6},
       URL = {https://doi.org/10.1007/978-0-8176-4578-6},
}